@book{CFL,
  title={Computational gasdynamics},
  author={Laney, Culbert B},
  year={1998},
  publisher={Cambridge university press}
}


@article{Godunov,
  title={A difference method for numerical calculation of discontinuous solutions of the equations of hydrodynamics},
  author={Godunov, Sergei Konstantinovich},
  journal={Matematicheskii Sbornik},
  volume={89},
  number={3},
  pages={271--306},
  year={1959},
  publisher={Russian Academy of Sciences, Steklov Mathematical Institute of Russian Academy of Sciences}
}

@book{Riemann,
  title={Riemann solvers and numerical methods for fluid dynamics: a practical introduction},
  author={Toro, Eleuterio F},
  year={2013},
  publisher={Springer Science \& Business Media}
}


